# begin -- MISC background
@article{miller2003motivational,
  title={Motivational interviewing: Preparing people for change},
  author={Miller, William and Rollnick, Stephen},
  journal={Journal for Healthcare Quality},
  volume={25},
  number={3},
  pages={46},
  year={2003},
  publisher={LWW}
}

@book{miller2012motivational,
  title={Motivational interviewing: Helping people change},
  author={Miller, William R and Rollnick, Stephen},
  year={2012},
  publisher={Guilford press}
}
@article{Schwalbe2014,
author = {Schwalbe, Craig S and Oh, Hans Y and Zweben, Allen},
doi = {10.1111/add.12558},
issn = {1360-0443},
journal = {Addiction (Abingdon, England)},
month = {aug},
number = {8},
pages = {1287--94},
pmid = {24661345},
title = {{Sustaining motivational interviewing: a meta-analysis of training studies.}},
url = {http://www.ncbi.nlm.nih.gov/pubmed/24661345},
volume = {109},
year = {2014}
}

@article{Moyers2010,
address = {Albuquerque, NM},
author = {Moyers, T B and Martin, T and Manuel, J K and Miller, W R and Ernst, D},
file = {:C$\backslash$:/Users/user1/AppData/Local/Mendeley Ltd./Mendeley Desktop/Downloaded/Moyers et al. - 2010 - Revised Global Scales ( MITI 3 . 1 . 1 ).pdf:pdf},
institution = {University of New Mexico},
journal = {Unpublished manuscript, University of New Mexico, Albuquerque, NM},
title = {{Revised Global Scales : ( MITI 3 . 1 . 1 )}},
year = {2010}
}




@article{abuse2006results,
  title={Results from the 2005 national survey on drug use and health: national findings},
  author={Abuse, Substance and others},
  journal={http://www. oas. samhsa. gov/nsduh/2k5nsduh/2k5Results. pdf},
  year={2006},
  publisher={Office of Applied Studies}
}

@article{schwalbe2014sustaining,
  title={Sustaining motivational interviewing: A meta-analysis of training studies},
  author={Schwalbe, Craig S and Oh, Hans Y and Zweben, Allen},
  journal={Addiction},
  volume={109},
  number={8},
  pages={1287--1294},
  year={2014},
  publisher={Wiley Online Library}
}

@article{miller2009toward,
  title={Toward a theory of motivational interviewing.},
  author={Miller, William R and Rose, Gary S},
  journal={American psychologist},
  volume={64},
  number={6},
  pages={527},
  year={2009},
  publisher={American Psychological Association}
}

@article{miller2003manual,
  title={Manual for the motivational interviewing skill code (MISC)},
  author={Miller, William R and Moyers, Theresa B and Ernst, Denise and Amrhein, Paul},
  journal={Unpublished manuscript. Albuquerque: Center on Alcoholism, Substance Abuse and Addictions, University of New Mexico},
  year={2003}
}

@misc{houck2010motivational,
  title={Motivational interviewing skill code (MISC) version 2.5},
  author={Houck, JM and Moyers, TB and Miller, WR and Glynn, LH and Hallgren, KA},
  year={2010}
}

@article{xiao2015rate,
  title={" Rate My Therapist": Automated Detection of Empathy in Drug and Alcohol Counseling via Speech and Language Processing},
  author={Xiao, Bo and Imel, Zac E and Georgiou, Panayiotis G and Atkins, David C and Narayanan, Shrikanth S},
  journal={PloS one},
  volume={10},
  number={12},
  pages={e0143055},
  year={2015},
  publisher={Public Library of Science}
}

@inproceedings{can2012case,
  title={A case study: Detecting counselor reflections in psychotherapy for addictions using linguistic features},
  author={Can, Do{\u{g}}an and Georgiou, Panayiotis G and Atkins, David C and Narayanan, Shrikanth S},
  booktitle={Thirteenth Annual Conference of the International Speech Communication Association},
  year={2012}
}

@article{atkins2014scaling,
  title={Scaling up the evaluation of psychotherapy: evaluating motivational interviewing fidelity via statistical text classification},
  author={Atkins, David C and Steyvers, Mark and Imel, Zac E and Smyth, Padhraic},
  journal={Implementation Science},
  volume={9},
  number={1},
  pages={49},
  year={2014},
  publisher={BioMed Central}
}

@inproceedings{can2015dialog,
  title={A dialog act tagging approach to behavioral coding: A case study of addiction counseling conversations},
  author={Can, Do{\u{g}}an and Atkins, David C and Narayanan, Shrikanth S},
  booktitle={Sixteenth Annual Conference of the International Speech Communication Association},
  year={2015}
}

@article{tanana2016comparison,
  title={A comparison of natural language processing methods for automated coding of motivational interviewing},
  author={Tanana, Michael and Hallgren, Kevin A and Imel, Zac E and Atkins, David C and Srikumar, Vivek},
  journal={Journal of substance abuse treatment},
  volume={65},
  pages={43--50},
  year={2016},
  publisher={Elsevier}
}

@inproceedings{tanana2015recursive,
  title={Recursive neural networks for coding therapist and patient behavior in motivational interviewing},
  author={Tanana, Michael and Hallgren, Kevin and Imel, Zac and Atkins, David and Smyth, Padhraic and Srikumar, Vivek},
  booktitle={Proceedings of the 2nd Workshop on Computational Linguistics and Clinical Psychology: From Linguistic Signal to Clinical Reality},
  pages={71--79},
  year={2015}
}

@article{berger1996maximum,
  title={A maximum entropy approach to natural language processing},
  author={Berger, Adam L and Pietra, Vincent J Della and Pietra, Stephen A Della},
  journal={Computational linguistics},
  volume={22},
  number={1},
  pages={39--71},
  year={1996},
  publisher={MIT Press}
}

@inproceedings{ravuri2015recurrent,
  title={Recurrent neural network and lstm models for lexical utterance classification},
  author={Ravuri, Suman and Stolcke, Andreas},
  booktitle={Sixteenth Annual Conference of the International Speech Communication Association},
  year={2015}
}

@article{mikolov2013efficient,
  title={Efficient estimation of word representations in vector space},
  author={Mikolov, Tomas and Chen, Kai and Corrado, Greg and Dean, Jeffrey},
  journal={arXiv preprint arXiv:1301.3781},
  year={2013}
}

@inproceedings{pennington2014glove,
  title={Glove: Global vectors for word representation},
  author={Pennington, Jeffrey and Socher, Richard and Manning, Christopher},
  booktitle={Proceedings of the 2014 conference on empirical methods in natural language processing (EMNLP)},
  pages={1532--1543},
  year={2014}
}


@article{imel2015computational,
  title={Computational psychotherapy research: Scaling up the evaluation of patient--provider interactions.},
  author={Imel, Zac E and Steyvers, Mark and Atkins, David C},
  journal={Psychotherapy},
  volume={52},
  number={1},
  pages={19},
  year={2015},
  publisher={Educational Publishing Foundation}
}

@inproceedings{xiao2016behavioral,
  title={Behavioral Coding of Therapist Language in Addiction Counseling Using Recurrent Neural Networks.},
  author={Xiao, Bo and Can, Dogan and Gibson, James and Imel, Zac E and Atkins, David C and Georgiou, Panayiotis G and Narayanan, Shrikanth S},
  booktitle={Interspeech},
  pages={908--912},
  year={2016}
}

@inproceedings{gibson2017attention,
  title={Attention networks for modeling behaviors in addiction counseling},
  author={Gibson, James and Can, Dogan and Georgiou, Panayiotis and Atkins, David C and Narayanan, Shrikanth S},
  booktitle={Proc. Interspeech},
  year={2017}
}

@inproceedings{perez2017predicting,
  title={Predicting Counselor Behaviors in Motivational Interviewing Encounters},
  author={P{\'e}rez-Rosas, Ver{\'o}nica and Mihalcea, Rada and Resnicow, Kenneth and Singh, Satinder and Ann, Lawrence and Goggin, Kathy J and Catley, Delwyn},
  booktitle={Proceedings of the 15th Conference of the European Chapter of the Association for Computational Linguistics: Volume 1, Long Papers},
  volume={1},
  pages={1128--1137},
  year={2017}
}

@inproceedings{huang2018modeling,
  title={Modeling Temporality of Human Intentions by Domain Adaptation},
  author={Huang, Xiaolei and Liu, Lixing and Carey, Kate and Woolley, Joshua and Scherer, Stefan and Borsari, Brian},
  booktitle={Proceedings of the 2018 Conference on Empirical Methods in Natural Language Processing},
  pages={696--701},
  year={2018}
}

@inproceedings{kumar2018dialogue,
  title={Dialogue-act-driven Conversation Model: An Experimental Study},
  author={Kumar, Harshit and Agarwal, Arvind and Joshi, Sachindra},
  booktitle={Proceedings of the 27th International Conference on Computational Linguistics},
  pages={1246--1256},
  year={2018}
}

@InProceedings{crook15rank,
  author =	"Paul Crook and Jean-Philippe Martin and Ruhi Sarikaya",
  title = 	"Multi-Language Hypotheses Ranking and Domain Tracking for Open Domain Dialogue Systems",
  booktitle = 	"Proceedings of Interspeech",
  year =    "2015"
}

@InProceedings{crook15ranknbest,
  author =	"Omar Zia Khan and Jean-Philippe Robichaud and Paul A. Crook and Ruhi Sarikaya",
  title = 	"Hypotheses Ranking and State Tracking for a Multi-Domain Dialog System using Multiple {ASR} Alternates",
  booktitle = 	"Proceedings of Interspeech",
  year =    "2015"
}

@InProceedings{burges10l2r,
  author =	"Christopher JC Burges",
  title = 	"From Ranknet to Lambdarank to Lambdamart: An overview",
  booktitle = 	"Microsoft Research Technical Report MSR-TR-2010-82",
  year =    "2010"
}

@InProceedings{joulin-EtAl:2017:EACLshort,
  author    = {Joulin, Armand  and  Grave, Edouard  and  Bojanowski, Piotr  and  Mikolov, Tomas},
  title     = {Bag of Tricks for Efficient Text Classification},
  booktitle = {Proceedings of the 15th Conference of the European Chapter of the Association for Computational Linguistics: Volume 2, Short Papers},
  month     = {April},
  year      = {2017},
  address   = {Valencia, Spain},
  publisher = {Association for Computational Linguistics},
  pages     = {427--431}
}

@InProceedings{yao14rcrf,
  author =	"Kaisheng Yao and Baolin Peng and Geoffrey Zweig and Dong Yu and Xiaolong Li and Feng Gao",
  title = 	"Recurrent Conditional Random Field for Language Understanding",
  booktitle = 	"Proceedings of ICASSP",
  year =    "2014"
}

@inproceedings{lavergne2010practical,
    author    = {Lavergne, Thomas and Capp\'{e}, Olivier and Yvon,
                 Fran\c{c}ois},
    title     = {Practical Very Large Scale {CRFs}},
    booktitle = {Proceedings the 48th Annual Meeting of the Association
                 for Computational Linguistics ({ACL})},
    month     = {July},
    year      = {2010},
    location  = {Uppsala, Sweden},
    publisher = {Association for Computational Linguistics},
    pages     = {504--513}
}

@misc{tensorflow2015-whitepaper,
title= "{TensorFlow}: Large-Scale Machine Learning on Heterogeneous Systems",
author={
    Mart\'{\i}n~Abadi and
    Ashish~Agarwal and
    Paul~Barham and
    Eugene~Brevdo and
    Zhifeng~Chen and
    Craig~Citro and
    Greg~S.~Corrado and
    Andy~Davis and
    Jeffrey~Dean and
    Matthieu~Devin and
    Sanjay~Ghemawat and
    Ian~Goodfellow and
    Andrew~Harp and
    Geoffrey~Irving and
    Michael~Isard and
    Yangqing Jia and
    Rafal~Jozefowicz and
    Lukasz~Kaiser and
    Manjunath~Kudlur and
    Josh~Levenberg and
    Dan~Man\'{e} and
    Rajat~Monga and
    Sherry~Moore and
    Derek~Murray and
    Chris~Olah and
    Mike~Schuster and
    Jonathon~Shlens and
    Benoit~Steiner and
    Ilya~Sutskever and
    Kunal~Talwar and
    Paul~Tucker and
    Vincent~Vanhoucke and
    Vijay~Vasudevan and
    Fernanda~Vi\'{e}gas and
    Oriol~Vinyals and
    Pete~Warden and
    Martin~Wattenberg and
    Martin~Wicke and
    Yuan~Yu and
    Xiaoqiang~Zheng},
  year=2015,
}

@InProceedings{lafferty01crf,
  author =	"John D. Lafferty and Andrew McCallum and Fernando C. N. Pereira",
  title = 	"Conditional Random Fields: Probabilistic Models for Segmenting and Labeling Sequence Data",
  booktitle = 	"Proceedings of the Eighteenth International Conference on Machine Learning",
  pages     = {282--289},
  year =    "2001"
}

@InProceedings{yao13rnn,
  author = "Kaisheng Yao and Geoffrey Zweig and Mei-Yuh Hwang and Yangyang Shi and Dong Yu",
  title = "Recurrent neural networks for language understanding",
  booktitle = "Proceedings of Interspeech",
  year =    "2013"
}

@InProceedings{mesnil13rnn,
  author = "Gregoire Mesnil, Xiaodong He, Li Deng and Yoshua Bengio",
  title = "Investigation of recurret neural-network architectures and learning methods for language understanding",
  booktitle = "Proceedings of Interspeech",
  year =    "2013"
}

@InProceedings{mikolov10rnnlm,
  author = "Tomas Mikolov and Martin Karafiat and Lukas Burget and Jan Eernocky and Sanjeev Khudanpur",
  title = "Recurrent neural network based language model",
  booktitle = "Proceedings of Interspeech",
  year =    "2010"
}

@InProceedings{ke17gbm,
  author = "Guolin Ke and Qi Meng and Thomas Finley and Taifeng Wang and Wei Chen and Weidong Ma and Qiwei Ye and Tie-Yan Liu",
  title = "LightGBM: A Highly Efficient Gradient Boosting Decision Tree",
  booktitle = "Advances in Neural Information Processing Systems (NIPS)",
  pages     = {3149--3157},
  year =    "2017"
}

@InProceedings{chen16xgboost,
  author = "Tianqi Chen and Carlos Guestrin",
  title = "{XGBoost}: A Scalable Tree Boosting System",
  booktitle = "22nd SIGKDD Conference on Knowledge Discovery and Data Mining",
  year =    "2016"
}

@InProceedings{shi16rsvm,
  author = "Yangyang Shi and Kaisheng Yao and Hu Chen and Dong Yu and Yi-Cheng Pan and Mei-Yuh Hwang",
  title = "Recurrent Support Vector Machines For Slot Tagging In Spoken Language Understanding",
  booktitle = "Proceedings of NAACL-HLT",
  pages     = {393--399},
  year =    "2016"
}

@InProceedings{tur16jointlu,
  author = "Dilek Hakkani-Tur and Gokhan Tur and Asli Celikyilmaz and Yun-Nung Vivian Chen and Jianfeng Gao and Li Deng and Ye-Yi Wang",
  title = "Multi-Domain Joint Semantic Frame Parsing using Bi-directional RNN-LSTM",
  booktitle = "Proceedings of NAACL-HLT",
  pages     = {393--399},
  year =    "2016"
}

@InProceedings{xu13jointlu,
  author = "Puyang Xu and Ruhi Sarikaya",
  title = "Convolutional neural network based triangular {CRF} for joint intent detection and slot filling",
  booktitle = "Proceedings of ASRU",
  year =    "2013"
}

@InProceedings{guo14jointlu,
  author = "Zhaohan Guo and Gokhan Tur and Wen-Tau Yih and Geoffrey Zweig",
  title = "Joint Semantic Utterance Classification and Slot Filling with Recursive Neural Networks",
  booktitle = "Spoken Language Technology Workshop",
  year =    "2014"
}

@InProceedings{liu16jointlu,
  author = "Bing Liu and Ian Lane",
  title = "Attention-Based Recurrent Neural Network Models for Joint Intent Detection and Slot Filling",
  booktitle = "Proceedings of Interspeech",
  year =    "2016"
}

@InProceedings{kim14cnn,
  author = "Yoon Kim",
  title = "Convolutional neural networks for sentence classification",
  booktitle = "Proceedings of Empirical Methods in Natural Language Processing (EMNLP)",
  pages     = {1746--1751},
  year =    "2014"
}

@InProceedings{zhang15cnn,
  author = "Xiang Zhang and Junbo Zhao and Yann LeCun",
  title = "Character-level convolutional networks for text classification",
  booktitle = "Advances in Neural Information Processing Systems (NIPS)",
  pages     = {649--657},
  year =    "2015"
}

@InProceedings{mikolov13w2v,
  author = "Tomas Mikolov and Ilya Sutskever and Kai Chen and Greg Corrado and Jeffrey Dean",
  title = "Distributed Representations of Words and Phrases and their Compositionality",
  booktitle = "Advances in Neural Information Processing Systems (NIPS)",
  pages = {3111--3119},
  year = {2013}
}


@article{mesnil15rnn,
	author = {Gregoire Mesnil and Yann Dauphin and Kaisheng Yao and Yoshua Bengio and Li Deng and Xiaodong He and Larry Heck and Gokhan Tur
Dilek Hakkani-Tur and Dong Yu and Geoffrey Zweig},
	year = "2015",
	title = {Using Recurrent Neural Networks for Slot Filling in Spoken Language Understanding},
	journal = {IEEE/ACM Transactions on Audio, Speech, and Language Processing},
	volume = "23",
	number = "3",
	pages = "530--539",
}

@article{hochreiter97lstm,
	author = {Sepp Hochreiter and Jurgen Schmidhuber},
	year = "1997",
	title = {Long short-term memory},
	journal = {Neural computation},
	volume = "9",
	number = "8",
	pages = "1735--1780",
}

@article{graves05bilstm,
	author = {Alex Graves and Jurgen Schmidhuber},
	year = "2005",
	title = {Framewise phoneme classification with bidirectional LSTM and other neural network architectures},
	journal = {Neural Networks},
	volume = "18",
	number = "5",
	pages = "602--610",
}

@inproceedings{jarvelin00ndcg,
  author = {Kalervo Jarvelin, Jaana Kekalainen},
  title = {IR evaluation methods for retrieving highly relevant documents},
  booktitle = "Proceedings of the 23rd annual international ACM SIGIR conference on Research and development in information retrieval",
  year = {2000},
  pages = {41--48}
}

@inproceedings{kingma2014adam,
  title={Adam: A method for stochastic optimization},
  author={Kingma, Diederik and Ba, Jimmy},
  booktitle={Proceedings of the International Conference on Learning Representations},
  year={2015}
}

@inproceedings{pascanu2013difficulty,
  title={On the difficulty of training recurrent neural networks},
  author={Pascanu, Razvan and Mikolov, Tomas and Bengio, Yoshua},
  booktitle={International Conference on Machine Learning},
  pages={1310--1318},
  year={2013}
}

@inproceedings{vu16lu,
  title={Bi-directional recurrent neural network with ranking loss for spoken language understanding},
  author={Ngoc Thang Vu and Pankaj Gupta and Heike Adel and Hinrich Schutze},
  booktitle = 	"Proceedings of ICASSP",
  pages={1310--1318},
  year={2016}
}

@inproceedings{ptrgen,
  title={Get To The Point: Summarization with Pointer-Generator Networks},
  author={Abigail See and Peter J. Liu and Christopher D. Manning},
  booktitle = "Proceedings of {ACL}",
  year = "2017"
}

@inproceedings{ubuntu,
  title={The Ubuntu Dialogue Corpus: A Large Dataset for Research in Unstructured Multi-Turn Dialogue Systems},
  author={Ryan Lowe and Nissan Pow and Iulian V. Serban and Joelle Pineau},
  booktitle = "Proceedings of {SIGDIAL}",
  year = "2015"
}

@article{gupta2018efficient,
  title={An Efficient Approach to Encoding Context for Spoken Language Understanding},
  author={Gupta, Raghav and Rastogi, Abhinav and Hakkani-Tur, Dilek},
  journal={arXiv preprint arXiv:1807.00267},
  year={2018}
}

@article{bapna2017sequential,
  title={Sequential dialogue context modeling for spoken language understanding},
  author={Bapna, Ankur and Tur, Gokhan and Hakkani-Tur, Dilek and Heck, Larry},
  journal={arXiv preprint arXiv:1705.03455},
  year={2017}
}

@InProceedings{guolin17lightgbm,
  author = "Guolin Ke and Qi Meng and Thomas Finley and Taifeng Wang and Wei Chen and Weidong Ma and Qiwei Ye and Tie-Yan Liu",
  title = "{LightGBM}: A Highly Efficient Gradient Boosting Decision Tree",
  booktitle = "Advances in Neural Information Processing Systems (NIPS)",
  year =    "2017"
}

@article{DSTC7,
title={The 7th dialog system technology challenge},
author={Koichiro Yoshino and Chiori Hori and Julien Perez and Luis Fernando D'Haro and Lazaros Polymenakos and Chulaka Gunasekara and Walter S. Lasecki and Jonathan Kummerfeld and Michael Galley and Chris Brockett and Jianfeng Gao and Bill Dolan and Sean Gao and Tim K. Marks and Devi Parikh and Dhruv Batra},
journal={arXiv preprint},
year={2018}
}

%start ss bibs
@InProceedings{fei17gmnet,
  author = "Fei Liu and Julien Perez",
  title = "Gated end-to-end memory networks",
  booktitle = "Proceedings of the 15th Conference of the European Chapter of the Association for Computational Linguistics",
  year = "2017"
}

@InProceedings{chung14gru,
  author = "Junyoung Chung and Caglar Gulcehre and Kyunghyun Cho and Yoshua Bengio",
  title = "Empirical evaluation of gated recurrent neural networks on sequence modeling",
  booktitle = "NIPS Deep Learning and Representation Learning Workshop",
  year = "2014"
}

@InProceedings{chen16mnetlu,
  author = "Yun-Nung Chen and Dilek Hakkani-Tur and Gokhan Tur and Jianfeng Gao and Li Deng",
  title = "End-to-End Memory Networks with Knowledge Carryover for Multi-Turn Spoken Language Understanding",
  booktitle = "Proceedings of The 17th Annual Meeting of the International Speech Communication Association",
  year = "2016"
}

@InProceedings{madotto18mem2seq,
  author = 	"Madotto, Andrea and Wu, Chien-Sheng and Fung, Pascale",
  title = 	"Mem2Seq: Effectively Incorporating Knowledge Bases into End-to-End Task-Oriented Dialog Systems",
  booktitle = 	"Proceedings of the 56th Annual Meeting of the Association for Computational Linguistics",
  year = 	"2018",
  publisher = 	"Association for Computational Linguistics",
  pages = 	"1468--1478",
  location = 	"Melbourne, Australia",
}

@InProceedings{sukhbaatar15mnet,
  author = 	"Sainbayar Sukhbaatar and Jason Weston and Rob Fergus",
  title = 	"End-to-end memory networks",
  booktitle = "Advances in neural information processing systems",
  year = 	"2015",
}

@InProceedings{P18-1157,
  author = 	"Liu, Xiaodong
		and Shen, Yelong
		and Duh, Kevin
		and Gao, Jianfeng",
  title = 	"Stochastic Answer Networks for Machine Reading Comprehension",
  booktitle = 	"Proceedings of the 56th Annual Meeting of the Association for Computational Linguistics (Volume 1: Long Papers)",
  year = 	"2018",
  publisher = 	"Association for Computational Linguistics",
  pages = 	"1694--1704",
  location = 	"Melbourne, Australia",
  url = 	"http://aclweb.org/anthology/P18-1157"
}

@inproceedings{liu2017gated,
  title={Gated end-to-end memory networks},
  author={Liu, Fei and Perez, Julien},
  booktitle={Proceedings of the 15th Conference of the European Chapter of the Association for Computational Linguistics: Volume 1, Long Papers},
  volume={1},
  pages={1--10},
  year={2017}
}
@InProceedings{D16-1147,
  author = 	"Miller, Alexander
		and Fisch, Adam
		and Dodge, Jesse
		and Karimi, Amir-Hossein
		and Bordes, Antoine
		and Weston, Jason",
  title = 	"Key-Value Memory Networks for Directly Reading Documents",
  booktitle = 	"Proceedings of the 2016 Conference on Empirical Methods in Natural      Language Processing    ",
  year = 	"2016",
  publisher = 	"Association for Computational Linguistics",
  pages = 	"1400--1409",
  location = 	"Austin, Texas",
  doi = 	"10.18653/v1/D16-1147",
  url = 	"http://aclweb.org/anthology/D16-1147"
}
@InProceedings{E17-2075,
  author = 	"Eric, Mihail
		and Manning, Christopher",
  title = 	"A Copy-Augmented Sequence-to-Sequence Architecture Gives Good Performance on Task-Oriented Dialogue",
  booktitle = 	"Proceedings of the 15th Conference of the European Chapter of the Association for Computational Linguistics: Volume 2, Short Papers",
  year = 	"2017",
  publisher = 	"Association for Computational Linguistics",
  pages = 	"468--473",
  location = 	"Valencia, Spain",
  url = 	"http://aclweb.org/anthology/E17-2075"
}
@inproceedings{Peters:2018,
  author={Peters, Matthew E. and  Neumann, Mark and Iyyer, Mohit and Gardner, Matt and Clark, Christopher and Lee, Kenton and Zettlemoyer, Luke},
  title={Deep contextualized word representations},
  booktitle={Proc. of NAACL},
  year={2018}
}

@article{srivastava2015highway,
  title={Highway networks},
  author={Srivastava, Rupesh Kumar and Greff, Klaus and Schmidhuber, J{\"u}rgen},
  journal={arXiv preprint arXiv:1505.00387},
  year={2015}
}
%end ss bibs






@InProceedings{C14-1001,
  author =	"Harper, Mary",
  title = 	"Learning from 26 Languages: Program Management and Science in the Babel Program",
  booktitle = 	"Proceedings of COLING 2014, the 25th International Conference on Computational Linguistics: Technical Papers",
  year =    "2014",
  publisher =	"Dublin City University and Association for Computational Linguistics",
  pages =   "1",
  location =	"Dublin, Ireland",
  url =    "http://aclweb.org/anthology/C14-1001"
}

@InProceedings{crook15rank,
  author =	"Paul Crook and Jean-Philippe Martin and Ruhi Sarikaya",
  title = 	"Multi-Language Hypotheses Ranking and Domain Tracking for Open Domain Dialogue Systems",
  booktitle = 	"Proceedings of Interspeech",
  year =    "2015"
}

@InProceedings{crook15ranknbest,
  author =	"Omar Zia Khan and Jean-Philippe Robichaud and Paul A. Crook and Ruhi Sarikaya",
  title = 	"Hypotheses Ranking and State Tracking for a Multi-Domain Dialog System using Multiple {ASR} Alternates",
  booktitle = 	"Proceedings of Interspeech",
  year =    "2015"
}

@InProceedings{burges10l2r,
  author =	"Christopher JC Burges",
  title = 	"From Ranknet to Lambdarank to Lambdamart: An overview",
  booktitle = 	"Microsoft Research Technical Report MSR-TR-2010-82",
  year =    "2010"
}

@InProceedings{joulin-EtAl:2017:EACLshort,
  author    = {Joulin, Armand  and  Grave, Edouard  and  Bojanowski, Piotr  and  Mikolov, Tomas},
  title     = {Bag of Tricks for Efficient Text Classification},
  booktitle = {Proceedings of the 15th Conference of the European Chapter of the Association for Computational Linguistics: Volume 2, Short Papers},
  month     = {April},
  year      = {2017},
  address   = {Valencia, Spain},
  publisher = {Association for Computational Linguistics},
  pages     = {427--431}
}

@InProceedings{yao14rcrf,
  author =	"Kaisheng Yao and Baolin Peng and Geoffrey Zweig and Dong Yu and Xiaolong Li and Feng Gao",
  title = 	"Recurrent Conditional Random Field for Language Understanding",
  booktitle = 	"Proceedings of ICASSP",
  year =    "2014"
}

@inproceedings{lavergne2010practical,
    author    = {Lavergne, Thomas and Capp\'{e}, Olivier and Yvon,
                 Fran\c{c}ois},
    title     = {Practical Very Large Scale {CRFs}},
    booktitle = {Proceedings the 48th Annual Meeting of the Association
                 for Computational Linguistics ({ACL})},
    month     = {July},
    year      = {2010},
    location  = {Uppsala, Sweden},
    publisher = {Association for Computational Linguistics},
    pages     = {504--513}
}

@InProceedings{lafferty01crf,
  author =	"John D. Lafferty and Andrew McCallum and Fernando C. N. Pereira",
  title = 	"Conditional Random Fields: Probabilistic Models for Segmenting and Labeling Sequence Data",
  booktitle = 	"Proceedings of the Eighteenth International Conference on Machine Learning",
  pages     = {282--289},
  year =    2001
}

@InProceedings{yao13rnn,
  author = "Kaisheng Yao and Geoffrey Zweig and Mei-Yuh Hwang and Yangyang Shi and Dong Yu",
  title = "Recurrent neural networks for language understanding",
  booktitle = "Proceedings of Interspeech",
  year =    "2013"
}

@InProceedings{mesnil13rnn,
  author = "Gregoire Mesnil, Xiaodong He, Li Deng and Yoshua Bengio",
  title = "Investigation of recurret neural-network architectures and learning methods for language understanding",
  booktitle = "Proceedings of Interspeech",
  year =    "2013"
}

@InProceedings{mikolov10rnnlm,
  author = "Tomas Mikolov and Martin Karafiat and Lukas Burget and Jan Eernocky and Sanjeev Khudanpur",
  title = "Recurrent neural network based language model",
  booktitle = "Proceedings of Interspeech",
  year =    "2010"
}

@InProceedings{ke17gbm,
  author = "Guolin Ke and Qi Meng and Thomas Finley and Taifeng Wang and Wei Chen and Weidong Ma and Qiwei Ye and Tie-Yan Liu",
  title = "LightGBM: A Highly Efficient Gradient Boosting Decision Tree",
  booktitle = "Advances in Neural Information Processing Systems (NIPS)",
  pages     = {3149--3157},
  year =    "2017"
}

@InProceedings{shi16rsvm,
  author = "Yangyang Shi and Kaisheng Yao and Hu Chen and Dong Yu and Yi-Cheng Pan and Mei-Yuh Hwang",
  title = "Recurrent Support Vector Machines For Slot Tagging In Spoken Language Understanding",
  booktitle = "Proceedings of NAACL-HLT",
  pages     = {393--399},
  year =    "2016"
}

@InProceedings{tur16jointlu,
  author = "Dilek Hakkani-Tur and Gokhan Tur and Asli Celikyilmaz and Yun-Nung Vivian Chen and Jianfeng Gao and Li Deng and Ye-Yi Wang",
  title = "Multi-Domain Joint Semantic Frame Parsing using Bi-directional RNN-LSTM",
  booktitle = "Proceedings of NAACL-HLT",
  pages     = {393--399},
  year =    "2016"
}

@InProceedings{xu13jointlu,
  author = "Puyang Xu and Ruhi Sarikaya",
  title = "Convolutional neural network based triangular {CRF} for joint intent detection and slot filling",
  booktitle = "Proceedings of ASRU",
  year =    "2013"
}

@InProceedings{guo14jointlu,
  author = "Zhaohan Guo and Gokhan Tur and Wen-Tau Yih and Geoffrey Zweig",
  title = "Joint Semantic Utterance Classification and Slot Filling with Recursive Neural Networks",
  booktitle = "Spoken Language Technology Workshop",
  year =    "2014"
}

@InProceedings{liu16jointlu,
  author = "Bing Liu and Ian Lane",
  title = "Attention-Based Recurrent Neural Network Models for Joint Intent Detection and Slot Filling",
  booktitle = "Proceedings of Interspeech",
  year =    "2016"
}

@InProceedings{kim14cnn,
  author = "Yoon Kim",
  title = "Convolutional neural networks for sentence classification",
  booktitle = "Proceedings of Empirical Methods in Natural Language Processing (EMNLP)",
  pages     = {1746--1751},
  year =    "2014"
}

@InProceedings{zhang15cnn,
  author = "Xiang Zhang and Junbo Zhao and Yann LeCun",
  title = "Character-level convolutional networks for text classification",
  booktitle = "Advances in Neural Information Processing Systems (NIPS)",
  pages     = {649--657},
  year =    "2015"
}

@InProceedings{mikolov13w2v,
  author = "Tomas Mikolov and Ilya Sutskever and Kai Chen and Greg Corrado and Jeffrey Dean",
  title = "Distributed Representations of Words and Phrases and their Compositionality",
  booktitle = "Advances in Neural Information Processing Systems (NIPS)",
  pages = {3111--3119},
  year = {2013}
}

@article{mesnil15rnn,
	author = {Gregoire Mesnil and Yann Dauphin and Kaisheng Yao and Yoshua Bengio and Li Deng and Xiaodong He and Larry Heck and Gokhan Tur
Dilek Hakkani-Tur and Dong Yu and Geoffrey Zweig},
	year = "2015",
	title = {Using Recurrent Neural Networks for Slot Filling in Spoken Language Understanding},
	journal = {IEEE/ACM Transactions on Audio, Speech, and Language Processing},
	volume = "23",
	number = "3",
	pages = "530--539",
}

@article{graves05bilstm,
	author = {Alex Graves and Jurgen Schmidhuber},
	year = "2005",
	title = {Framewise phoneme classification with bidirectional LSTM and other neural network architectures},
	journal = {Neural Networks},
	volume = "18",
	number = "5",
	pages = "602--610",
}

@inproceedings{jarvelin00ndcg,
  author = {Kalervo Jarvelin, Jaana Kekalainen},
  title = {IR evaluation methods for retrieving highly relevant documents},
  booktitle = "Proceedings of the 23rd annual international ACM SIGIR conference on Research and development in information retrieval",
  year = {2000},
  pages = {41--48}
}

@inproceedings{pascanu2013difficulty,
  title={On the difficulty of training recurrent neural networks},
  author={Pascanu, Razvan and Mikolov, Tomas and Bengio, Yoshua},
  booktitle={International Conference on Machine Learning},
  pages={1310--1318},
  year={2013}
}

@inproceedings{vu16lu,
  title={Bi-directional recurrent neural network with ranking loss for spoken language understanding},
  author={Ngoc Thang Vu and Pankaj Gupta and Heike Adel and Hinrich Schutze},
  booktitle = 	"Proceedings of ICASSP",
  pages={1310--1318},
  year={2016}
}

@inproceedings{ptrgen,
  title={Get To The Point: Summarization with Pointer-Generator Networks},
  author={Abigail See and Peter J. Liu and Christopher D. Manning},
  booktitle = "Proceedings of {ACL}",
  year = "2017"
}

@article{gupta2018efficient,
  title={An Efficient Approach to Encoding Context for Spoken Language Understanding},
  author={Gupta, Raghav and Rastogi, Abhinav and Hakkani-Tur, Dilek},
  journal={arXiv preprint arXiv:1807.00267},
  year={2018}
}

@article{bapna2017sequential,
  title={Sequential dialogue context modeling for spoken language understanding},
  author={Bapna, Ankur and Tur, Gokhan and Hakkani-Tur, Dilek and Heck, Larry},
  journal={arXiv preprint arXiv:1705.03455},
  year={2017}
}

@article{lowe2015ubuntu,
  title={The ubuntu dialogue corpus: A large dataset for research in unstructured multi-turn dialogue systems},
  author={Lowe, Ryan and Pow, Nissan and Serban, Iulian and Pineau, Joelle},
  journal={arXiv preprint arXiv:1506.08909},
  year={2015}
}

@article{hori2017end,
  title={End-to-end conversation modeling track in dstc6},
  author={Hori, Chiori and Hori, Takaaki},
  journal={arXiv preprint arXiv:1706.07440},
  year={2017}
}

@article{perez2017dialog,
  title={Dialog system \& technology challenge 6 overview of track 1-END-to-end goal-oriented dialog learning},
  author={Perez, Julien and Boureau, Y-Lan and Bordes, Antoine},
  journal={Dialog System Technology Challenges},
  volume={6},
  year={2017}
}


% HRED web query
@inproceedings{sordoni2015hierarchical,
  title={A hierarchical recurrent encoder-decoder for generative context-aware query suggestion},
  author={Sordoni, Alessandro and Bengio, Yoshua and Vahabi, Hossein and Lioma, Christina and Grue Simonsen, Jakob and Nie, Jian-Yun},
  booktitle={Proceedings of the 24th ACM International on Conference on Information and Knowledge Management},
  pages={553--562},
  year={2015},
  organization={ACM}
 }

% HRED dialogue
@article{baimodeling,
  title={Modeling Conversations to Learn Responding Policies of E2E Task-oriented Dialog System},
  author={Bai, Ziwei and Yu, Bo and Chen, Guangyu and Wang, Baoxun and Wang, Zhuoran}
}
% HRED dialogue
@inproceedings{tran2017hierarchical,
  title={A hierarchical neural model for learning sequences of dialogue acts},
  author={Tran, Quan Hung and Zukerman, Ingrid and Haffari, Gholamreza},
  booktitle={Proceedings of the 15th Conference of the European Chapter of the Association for Computational Linguistics: Volume 1, Long Papers},
  volume={1},
  pages={428--437},
  year={2017}
}

% HRED on dialogue
@inproceedings{serban2017multiresolution,
  title={Multiresolution Recurrent Neural Networks: An Application to Dialogue Response Generation.},
  author={Serban, Iulian Vlad and Klinger, Tim and Tesauro, Gerald and Talamadupula, Kartik and Zhou, Bowen and Bengio, Yoshua and Courville, Aaron C},
  booktitle={AAAI},
  pages={3288--3294},
  year={2017}
}

% HRED dialogue
@inproceedings{serban2016building,
  title={Building End-To-End Dialogue Systems Using Generative Hierarchical Neural Network Models.},
  author={Serban, Iulian Vlad and Sordoni, Alessandro and Bengio, Yoshua and Courville, Aaron C and Pineau, Joelle},
  booktitle={AAAI},
  volume={16},
  pages={3776--3784},
  year={2016}
}

% HRED document
@article{li2015hierarchical,
  title={A hierarchical neural autoencoder for paragraphs and documents},
  author={Li, Jiwei and Luong, Minh-Thang and Jurafsky, Dan},
  journal={arXiv preprint arXiv:1506.01057},
  year={2015}
}

% HRED document 
@inproceedings{yang2016hierarchical,
  title={Hierarchical attention networks for document classification},
  author={Yang, Zichao and Yang, Diyi and Dyer, Chris and He, Xiaodong and Smola, Alex and Hovy, Eduard},
  booktitle={Proceedings of the 2016 Conference of the North American Chapter of the Association for Computational Linguistics: Human Language Technologies},
  pages={1480--1489},
  year={2016}
}

% HRED for document
@inproceedings{tang2015document,
  title={Document modeling with gated recurrent neural network for sentiment classification},
  author={Tang, Duyu and Qin, Bing and Liu, Ting},
  booktitle={Proceedings of the 2015 conference on empirical methods in natural language processing},
  pages={1422--1432},
  year={2015}
}

@article{srivastava2014dropout,
  title={Dropout: a simple way to prevent neural networks from overfitting},
  author={Srivastava, Nitish and Hinton, Geoffrey and Krizhevsky, Alex and Sutskever, Ilya and Salakhutdinov, Ruslan},
  journal={The Journal of Machine Learning Research},
  volume={15},
  number={1},
  pages={1929--1958},
  year={2014},
  publisher={JMLR. org}
}

@InProceedings{matchlstm,
  title={Machine comprehension using match-lstm and answer pointer},
  author={Wang, Shuohang and Jiang, Jing},
  journal={arXiv preprint arXiv:1608.07905},
  year={2016}
}

@InProceedings{musa2018answering,
  title={Answering Science Exam Questions Using Query Rewriting with Background Knowledge},
  author={Musa, Ryan and Wang, Xiaoyan and Fokoue, Achille and Mattei, Nicholas and Chang, Maria and Kapanipathi, Pavan and Makni, Bassem and Talamadupula, Kartik and Witbrock, Michael},
  journal={arXiv preprint arXiv:1809.05726},
  year={2018}
}

@inproceedings{wang2017gated,
  title={Gated self-matching networks for reading comprehension and question answering},
  author={Wang, Wenhui and Yang, Nan and Wei, Furu and Chang, Baobao and Zhou, Ming},
  booktitle={Proceedings of the 55th Annual Meeting of the Association for Computational Linguistics (Volume 1: Long Papers)},
  volume={1},
  pages={189--198},
  year={2017}
}
@inproceedings{bidaf,
  title={Bidirectional attention flow for machine comprehension},
  author={Seo, Minjoon and Kembhavi, Aniruddha and Farhadi, Ali and Hajishirzi, Hannaneh},
  journal={arXiv preprint arXiv:1611.01603},
  year={2016}
}
@inproceedings{pointernet,
  title={Pointer networks},
  author={Vinyals, Oriol and Fortunato, Meire and Jaitly, Navdeep},
  booktitle={Advances in Neural Information Processing Systems},
  pages={2692--2700},
  year={2015}
}
@inproceedings{fusionnet,
  title={Reinforced Mnemonic Reader for Machine Reading Comprehension},
  author={Hu, Minghao and Peng, Yuxing and Huang, Zhen and Qiu, Xipeng and Wei, Furu and Zhou, Ming},
  journal={arXiv preprint arXiv:1705.02798},
  year={2017}
}
@inproceedings{san,
  title={Stochastic answer networks for machine reading comprehension},
  author={Liu, Xiaodong and Shen, Yelong and Duh, Kevin and Gao, Jianfeng},
  journal={arXiv preprint arXiv:1712.03556},
  year={2017}
}
@inproceedings{hermann2015teaching,
  title={Teaching machines to read and comprehend},
  author={Hermann, Karl Moritz and Kocisky, Tomas and Grefenstette, Edward and Espeholt, Lasse and Kay, Will and Suleyman, Mustafa and Blunsom, Phil},
  booktitle={Advances in Neural Information Processing Systems},
  pages={1693--1701},
  year={2015}
}
@inproceedings{xiong2016dynamicqa,
  title={Dynamic coattention networks for question answering},
  author={Xiong, Caiming and Zhong, Victor and Socher, Richard},
  journal={arXiv preprint arXiv:1611.01604},
  year={2016}
}
@inproceedings{wang2018multi,
  title={Multi-granularity hierarchical attention fusion networks for reading comprehension and question answering},
  author={Wang, Wei and Yan, Ming and Wu, Chen},
  booktitle={Proceedings of the 56th Annual Meeting of the Association for Computational Linguistics (Volume 1: Long Papers)},
  volume={1},
  pages={1705--1714},
  year={2018}
}
@article{squad,
  title={Squad: 100,000+ questions for machine comprehension of text},
  author={Rajpurkar, Pranav and Zhang, Jian and Lopyrev, Konstantin and Liang, Percy},
  journal={arXiv preprint arXiv:1606.05250},
  year={2016}
}
@article{clark2017simple,
  title={Simple and effective multi-paragraph reading comprehension},
  author={Clark, Christopher and Gardner, Matt},
  journal={arXiv preprint arXiv:1710.10723},
  year={2017}
}
@article{newsqa,
  title={Newsqa: A machine comprehension dataset},
  author={Trischler, Adam and Wang, Tong and Yuan, Xingdi and Harris, Justin and Sordoni, Alessandro and Bachman, Philip and Suleman, Kaheer},
  journal={arXiv preprint arXiv:1611.09830},
  year={2016}
}
@article{elmo,
  title={Deep contextualized word representations},
  author={Peters, Matthew E and Neumann, Mark and Iyyer, Mohit and Gardner, Matt and Clark, Christopher and Lee, Kenton and Zettlemoyer, Luke},
  journal={arXiv preprint arXiv:1802.05365},
  year={2018}
}
@article{chen2016knowledge,
  title={Knowledge as a teacher: Knowledge-guided structural attention networks},
  author={Chen, Yun-Nung and Hakkani-Tur, Dilek and Tur, Gokhan and Celikyilmaz, Asli and Gao, Jianfeng and Deng, Li},
  journal={arXiv preprint arXiv:1609.03286},
  year={2016}
}
@article{tan2015lstm,
  title={LSTM-based deep learning models for non-factoid answer selection},
  author={Tan, Ming and Santos, Cicero dos and Xiang, Bing and Zhou, Bowen},
  journal={arXiv preprint arXiv:1511.04108},
  year={2015}
}
@article{wu2016sequential,
  title={Sequential matching network: A new architecture for multi-turn response selection in retrieval-based chatbots},
  author={Wu, Yu and Wu, Wei and Xing, Chen and Zhou, Ming and Li, Zhoujun},
  journal={arXiv preprint arXiv:1612.01627},
  year={2016}
}
@inproceedings{lowe2015incorporating,
  title={Incorporating unstructured textual knowledge sources into neural dialogue systems},
  author={Lowe, Ryan and Pow, Nissan and Serban, Iulian and Charlin, Laurent and Pineau, Joelle},
  booktitle={Neural Information Processing Systems Workshop on Machine Learning for Spoken Language Understanding},
  year={2015}
}
@inproceedings{yan2016learning,
  title={Learning to respond with deep neural networks for retrieval-based human-computer conversation system},
  author={Yan, Rui and Song, Yiping and Wu, Hua},
  booktitle={Proceedings of the 39th International ACM SIGIR conference on Research and Development in Information Retrieval},
  pages={55--64},
  year={2016},
  organization={ACM}
}

@inproceedings{zhou2016multi,
  title={Multi-view response selection for human-computer conversation},
  author={Zhou, Xiangyang and Dong, Daxiang and Wu, Hua and Zhao, Shiqi and Yu, Dianhai and Tian, Hao and Liu, Xuan and Yan, Rui},
  booktitle={Proceedings of the 2016 Conference on Empirical Methods in Natural Language Processing},
  pages={372--381},
  year={2016}
}

@inproceedings{xiong2016dynamic,
  title={Dynamic memory networks for visual and textual question answering},
  author={Xiong, Caiming and Merity, Stephen and Socher, Richard},
  booktitle={International conference on machine learning},
  pages={2397--2406},
  year={2016}
}

@article{yang2018response,
  title={Response Ranking with Deep Matching Networks and External Knowledge in Information-seeking Conversation Systems},
  author={Yang, Liu and Qiu, Minghui and Qu, Chen and Guo, Jiafeng and Zhang, Yongfeng and Croft, W Bruce and Huang, Jun and Chen, Haiqing},
  journal={arXiv preprint arXiv:1805.00188},
  year={2018}
}

@article{xu2016incorporating,
  title={Incorporating loose-structured knowledge into LSTM with recall gate for conversation modeling},
  author={Xu, Zhen and Liu, Bingquan and Wang, Baoxun and Sun, Chengjie and Wang, Xiaolong},
  journal={arXiv preprint arXiv:1605.05110},
  year={2016}
}

@article{devlin2018bert,
  title={BERT: Pre-training of Deep Bidirectional Transformers for Language Understanding},
  author={Devlin, Jacob and Chang, Ming-Wei and Lee, Kenton and Toutanova, Kristina},
  journal={arXiv preprint arXiv:1810.04805},
  year={2018}
}

@incollection{NIPS2017_7181,
title = {Attention is All you Need},
author = {Vaswani, Ashish and Shazeer, Noam and Parmar, Niki and Uszkoreit, Jakob and Jones, Llion and Gomez, Aidan N and Kaiser, \L ukasz and Polosukhin, Illia},
booktitle = {Advances in Neural Information Processing Systems 30},
editor = {I. Guyon and U. V. Luxburg and S. Bengio and H. Wallach and R. Fergus and S. Vishwanathan and R. Garnett},
pages = {5998--6008},
year = {2017},
publisher = {Curran Associates, Inc.},
url = {http://papers.nips.cc/paper/7181-attention-is-all-you-need.pdf}
}

@inproceedings{rehurek_lrec,
      title = {{Software Framework for Topic Modelling with Large Corpora}},
      author = {Radim {\v R}eh{\r u}{\v r}ek and Petr Sojka},
      booktitle = {{Proceedings of the LREC 2010 Workshop on New
           Challenges for NLP Frameworks}},
      pages = {45--50},
      year = 2010,
      month = May,
      day = 22,
      publisher = {ELRA},
      address = {Valletta, Malta},
      language={English}
}

@article{spacy2,
   author = {Honnibal, Matthew AND Montani, Ines},
   title = {spaCy 2: Natural language understanding with Bloom embeddings, convolutional neural networks and incremental parsing},
   year = {2017},
   journal = {To appear}
}


@article{huang2015bidirectional,
  title={Bidirectional LSTM-CRF models for sequence tagging},
  author={Huang, Zhiheng and Xu, Wei and Yu, Kai},
  journal={arXiv preprint arXiv:1508.01991},
  year={2015}
}

@article{lin2017focal,
  title={Focal loss for dense object detection},
  author={Lin, Tsung-Yi and Goyal, Priya and Girshick, Ross and He, Kaiming and Doll{\'a}r, Piotr},
  journal={arXiv preprint arXiv:1708.02002},
  year={2017}
}

@article{weizenbaum1966eliza,
  title={{ELIZA -- a computer program for the study of natural language communication between man and machine}},
  author={Weizenbaum, Joseph},
  journal={Communications of the ACM},
  volume={9},
  number={1},
  pages={36--45},
  year={1966},
  publisher={ACM}
}

@InProceedings{P18-1013,
  author = 	"Hsu, Wan-Ting
		and Lin, Chieh-Kai
		and Lee, Ming-Ying
		and Min, Kerui
		and Tang, Jing
		and Sun, Min",
  title = 	"A Unified Model for Extractive and Abstractive Summarization using Inconsistency Loss",
  booktitle = 	"Proceedings of the 56th Annual Meeting of the Association for Computational Linguistics (Volume 1: Long Papers)",
  year = 	"2018",
  publisher = 	"Association for Computational Linguistics",
  pages = 	"132--141",
  location = 	"Melbourne, Australia",
  url = 	"http://aclweb.org/anthology/P18-1013"
}

@inproceedings{zhou2016multi,
  title={Multi-view response selection for human-computer conversation},
  author={Zhou, Xiangyang and Dong, Daxiang and Wu, Hua and Zhao, Shiqi and Yu, Dianhai and Tian, Hao and Liu, Xuan and Yan, Rui},
  booktitle={Proceedings of the 2016 Conference on Empirical Methods in Natural Language Processing},
  pages={372--381},
  year={2016}
}

@inproceedings{zhou2018multi,
  title={Multi-Turn Response Selection for Chatbots with Deep Attention Matching Network},
  author={Zhou, Xiangyang and Li, Lu and Dong, Daxiang and Liu, Yi and Chen, Ying and Zhao, Wayne Xin and Yu, Dianhai and Wu, Hua},
  booktitle={Proceedings of the 56th Annual Meeting of the Association for Computational Linguistics (Volume 1: Long Papers)},
  volume={1},
  pages={1118--1127},
  year={2018}
}

@article{lowe2015ubuntu,
  title={The ubuntu dialogue corpus: A large dataset for research in unstructured multi-turn dialogue systems},
  author={Lowe, Ryan and Pow, Nissan and Serban, Iulian and Pineau, Joelle},
  journal={arXiv preprint arXiv:1506.08909},
  year={2015}
}

@misc{lifelong2019,
  title = {{Dialogue systems and lifelong learning}},
  howpublished = "\url{https://www.aclweb.org/portal/content/iwsds-2019-special-session-dialogue-systems-and-lifelong-learning}",
  year = {2019}, 
  note = "[Online; accessed 6-Jan-2019]"
}

@article{li2016learning,
  title={Learning through dialogue interactions by asking questions},
  author={Li, Jiwei and Miller, Alexander H and Chopra, Sumit and Ranzato, Marc'Aurelio and Weston, Jason},
  journal={arXiv preprint arXiv:1612.04936},
  year={2016}
}

@inproceedings{weston2016dialog,
  title={Dialog-based language learning},
  author={Weston, Jason E},
  booktitle={Advances in Neural Information Processing Systems},
  pages={829--837},
  year={2016}
}

@inproceedings{letard2016incremental,
  title={Incremental Learning From Scratch Using Analogical Reasoning},
  author={Letard, Vincent and Rosset, Sophie and Illouz, Gabriel},
  booktitle={Tools with Artificial Intelligence (ICTAI), 2016 IEEE 28th International Conference on},
  pages={204--211},
  year={2016},
  organization={IEEE}
}

@article{mazumder2018towards,
  title={Towards a Continuous Knowledge Learning Engine for Chatbots.},
  author={Mazumder, Sahisnu and Ma, Nianzu and Liu, Bing},
  journal={arXiv preprint arXiv:1802.06024},
  volume={16},
  year={2018}
}

@inproceedings{glass1999challenges,
  title={Challenges for spoken dialogue systems},
  author={Glass, James},
  booktitle={Proceedings of the 1999 IEEE ASRU Workshop},
  year={1999}
}

@article{liu2018dialogue,
  title={Dialogue learning with human teaching and feedback in end-to-end trainable task-oriented dialogue systems},
  author={Liu, Bing and Tur, Gokhan and Hakkani-Tur, Dilek and Shah, Pararth and Heck, Larry},
  journal={arXiv preprint arXiv:1804.06512},
  year={2018}
}

@article{braden2019,
  title={Learning from Dialogue after Deployment: Feed Yourself, Chatbot!},
  author={Braden Hancock, Antoine Bordes, Pierre-Emmanuel Mazare, Jason Weston },
  journal={arXiv preprint arXiv:1901.05415v1},
  year={2019}
 }