@article{richardson2006markov,
  title={Markov logic networks},
  author={Richardson, Matthew and Domingos, Pedro},
  journal={Machine learning},
  volume={62},
  number={1-2},
  pages={107--136},
  year={2006},
  publisher={Springer}
}

@article{bach2017hinge,
  title={Hinge-Loss Markov Random Fields and Probabilistic Soft Logic},
  author={Bach, Stephen H and Broecheler, Matthias and Huang, Bert and Getoor, Lise},
  journal={Journal of Machine Learning Research},
  volume={18},
  pages={1--67},
  year={2017}
}

@inproceedings{marra2019integrating,
  title={Integrating learning and reasoning with deep logic models},
  author={Marra, Giuseppe and Giannini, Francesco and Diligenti, Michelangelo and Gori, Marco},
  booktitle={Joint European Conference on Machine Learning and Knowledge Discovery in Databases},
  pages={517--532},
  year={2019},
  organization={Springer}
}

@article{chang2012structured,
  title={Structured learning with constrained conditional models},
  author={Chang, Ming-Wei and Ratinov, Lev and Roth, Dan},
  journal={Machine learning},
  volume={88},
  number={3},
  pages={399--431},
  year={2012},
  publisher={Springer}
}

@article{roth2007global,
  title={Global inference for entity and relation identification via a linear programming formulation},
  author={Roth, Dan and Yih, Wen-tau},
  journal={Introduction to statistical relational learning},
  pages={553--580},
  year={2007},
  publisher={MIT Press Cambridge, MA, USA}
}

@inproceedings{li2020structured,
  title={Structured Tuning for Semantic Role Labeling},
  author={Li, Tao and Jawale, Parth Anand and Palmer, Martha and Srikumar, Vivek},
  booktitle={Proceedings of the 58th Annual Meeting of the Association for Computational Linguistics,},
  year={2020}
}

@article{pacheco2021modeling,
  title={Modeling content and context with deep relational learning},
  author={Pacheco, Maria Leonor and Goldwasser, Dan},
  journal={Transactions of the Association for Computational Linguistics},
  volume={9},
  pages={100--119},
  year={2021},
  publisher={MIT Press}
}