@inproceedings{socher2011semi,
  title={Semi-supervised recursive autoencoders for predicting sentiment distributions},
  author={Socher, Richard and Pennington, Jeffrey and Huang, Eric H and Ng, Andrew Y and Manning, Christopher D},
  booktitle={EMNLP},
  pages={151--161},
  year=2011,
  organization={Association for Computational Linguistics}
}

@inproceedings{le2015forest,
  title={The forest convolutional network: Compositional distributional semantics with a neural chart and without binarization},
  author={Le, Phong and Zuidema, Willem},
  booktitle={EMNLP},
  pages={1155--1164},
  year={2015}
}

@article{yogatama2016learning,
  title={Learning to compose words into sentences with reinforcement learning},
  author={Yogatama, Dani and Blunsom, Phil and Dyer, Chris and Grefenstette, Edward and Ling, Wang},
  journal={ICLR},
  year={2016}
}

@article{maillard2019jointly,
  title={Jointly learning sentence embeddings and syntax with unsupervised tree-lstms},
  author={Maillard, Jean and Clark, Stephen and Yogatama, Dani},
  journal={NIPS},
  volume={25},
  number={4},
  pages={433--449},
  year={2019}
}

@inproceedings{choi2018learning,
  title={Learning to compose task-specific tree structures},
  author={Choi, Jihun and Yoo, Kang Min and Lee, Sang-goo},
  booktitle={AAAI},
  year={2018}
}

@article{drozdov2019unsupervised,
  title={Unsupervised latent tree induction with deep inside-outside recursive autoencoders},
  author={Drozdov, Andrew and Verga, Pat and Yadav, Mohit and Iyyer, Mohit and McCallum, Andrew},
  journal={NAACL},
  year={2019}
}

@article{akoury2019syntactically,
  title={Syntactically supervised transformers for faster neural machine translation},
  author={Akoury, Nader and Krishna, Kalpesh and Iyyer, Mohit},
  journal={ACL},
  year={2019}
}

@inproceedings{drozdov2019unsupervisedlabeled,
  title={Unsupervised Labeled Parsing with Deep Inside-Outside Recursive Autoencoders},
  author={Drozdov, Andrew and Verga, Patrick and Chen, Yi-Pei and Iyyer, Mohit and McCallum, Andrew},
  booktitle={EMNLP},
  pages={1507--1512},
  year=2019
}

@article{miao2016language,
  title={Language as a latent variable: Discrete generative models for sentence compression},
  author={Miao, Yishu and Blunsom, Phil},
  journal={EMNLP},
  year={2016}
}

@article{corro2019learning,
  title={Learning latent trees with stochastic perturbations and differentiable dynamic programming},
  author={Corro, Caio and Titov, Ivan},
  journal={ACL},
  year={2019}
}

@article{yin2018structvae,
  title={StructVAE: Tree-structured latent variable models for semi-supervised semantic parsing},
  author={Yin, Pengcheng and Zhou, Chunting and He, Junxian and Neubig, Graham},
  journal={ACL},
  year={2018}
}

@article{chen2019variational,
  title={Variational sequential labelers for semi-supervised learning},
  author={Chen, Mingda and Tang, Qingming and Livescu, Karen and Gimpel, Kevin},
  journal={EMNLP},
  year={2018}
}


@article{mensch2018differentiable,
  title={Differentiable dynamic programming for structured prediction and attention},
  author={Mensch, Arthur and Blondel, Mathieu},
  journal={arXiv preprint arXiv:1802.03676},
  year={2018}
}

@article{corro2018differentiable,
  title={Differentiable perturb-and-parse: Semi-supervised parsing with a structured variational autoencoder},
  author={Corro, Caio and Titov, Ivan},
  journal={ICLR},
  year={2019}
}

@article{wang2019tree,
  title={Tree Transformer: Integrating Tree Structures into Self-Attention},
  author={Wang, Yau-Shian and Lee, Hung-Yi and Chen, Yun-Nung},
  journal={arXiv preprint arXiv:1909.06639},
  year={2019}
}

@article{nguyen2020tree,
  title={Tree-Structured Attention with Hierarchical Accumulation},
  author={Nguyen, Xuan-Phi and Joty, Shafiq and Hoi, Steven CH and Socher, Richard},
  journal={arXiv preprint arXiv:2002.08046},
  year={2020}
}

@article{bowman2016fast,
  title={A fast unified model for parsing and sentence understanding},
  author={Bowman, Samuel R and Gauthier, Jon and Rastogi, Abhinav and Gupta, Raghav and Manning, Christopher D and Potts, Christopher},
  journal={ACL},
  year={2016}
}

@article{shen2018ordered,
  title={Ordered neurons: Integrating tree structures into recurrent neural networks},
  author={Shen, Yikang and Tan, Shawn and Sordoni, Alessandro and Courville, Aaron},
  journal={ICLR},
  year={2019}
}

@article{shi2018tree,
  title={On tree-based neural sentence modeling},
  author={Shi, Haoyue and Zhou, Hao and Chen, Jiaze and Li, Lei},
  journal={EMNLP},
  year={2018}
}

@article{niculae2018sparsemap,
  title={Sparsemap: Differentiable sparse structured inference},
  author={Niculae, Vlad and Martins, Andr{\'e} FT and Blondel, Mathieu and Cardie, Claire},
  journal={ICML 2018},
  year={2018}
}

@article{peng2018backpropagating,
  title={Backpropagating through Structured Argmax using a SPIGOT},
  author={Peng, Hao and Thomson, Sam and Smith, Noah A},
  journal={ACL},
  year={2018}
}