@article{cao2021naacl,
	title={A comparative study on Schema-guided dialog state tracking},
	author={Cao, Jie and Zhang, Yi},
	journal={Submitted to NAACL},
	year={2021}
}

@article{rastogi2019towards,
	title={Towards scalable multi-domain conversational agents: The schema-guided dialogue dataset},
	author={Rastogi, Abhinav and Zang, Xiaoxue and Sunkara, Srinivas and Gupta, Raghav and Khaitan, Pranav},
	journal={AAAI 2019},
	year={2019}
}

@article{rastogi2020schema,
  title={Schema-Guided Dialogue State Tracking Task at DSTC8},
  author={Rastogi, Abhinav and Zang, Xiaoxue and Sunkara, Srinivas and Gupta, Raghav and Khaitan, Pranav},
  journal={Workshop on DSTC8, AAAI 2020},
  year={2020}
}

@article{ma2019end,
  title={An end-to-end dialogue state tracking system with machine reading comprehension and wide \& deep classification},
  author={Ma, Yue and Zeng, Zengfeng and Zhu, Dawei and Li, Xuan and Yang, Yiying and Yao, Xiaoyuan and Zhou, Kaijie and Shen, Jianping},
  journal={Workshop on DSTC8, AAAI 2020},
  year={2019}
}

@article{noroozi2020fast,
  title={A Fast and Robust BERT-based Dialogue State Tracker for Schema-Guided Dialogue Dataset},
  author={Noroozi, Vahid and Zhang, Yang and Bakhturina, Evelina and Kornuta, Tomasz},
  journal={Workshop on Conversational Systems Towards Mainstream Adoption at KDD 2020},
  year={2020}
}

@inproceedings{zhang2018personalizing,
  title={Personalizing Dialogue Agents: I have a dog, do you have pets too?},
  author={Zhang, Saizheng and Dinan, Emily and Urbanek, Jack and Szlam, Arthur and Kiela, Douwe and Weston, Jason},
  booktitle={Proceedings of the 56th Annual Meeting of the Association for Computational Linguistics (Volume 1: Long Papers)},
  pages={2204--2213},
  year={2018}
}

@inproceedings{bordes2014open,
  title={Open question answering with weakly supervised embedding models},
  author={Bordes, Antoine and Weston, Jason and Usunier, Nicolas},
  booktitle={Joint European conference on machine learning and knowledge discovery in databases},
  pages={165--180},
  year={2014},
  organization={Springer}
}

@article{yu2014deep,
  title={Deep Learning for Answer Sentence Selection},
  author={Yu, Lei and Hermann, Karl Moritz and Blunsom, Phil and Pulman, Stephen},
  journal={NIPS, Deep Learning Workshop},
  pages={arXiv--1412},
  year={2014}
}

@inproceedings{humeau2019poly,
  title={Poly-encoders: Architectures and Pre-training Strategies for Fast and Accurate Multi-sentence Scoring},
  author={Humeau, Samuel and Shuster, Kurt and Lachaux, Marie-Anne and Weston, Jason},
  booktitle={ICLR},
  year=2019
}

@article{li2020toward,
  title={Toward Interpretability of Dual-Encoder Models for Dialogue Response Suggestions},
  author={Li, Yitong and Li, Dianqi and Prakash, Sushant and Wang, Peng},
  journal={arXiv preprint arXiv:2003.04998},
  year={2020}
}

@article{sun2019end,
  title={End-to-end Gated Self-attentive Memory Network for Dialog Response Selection},
  author={Sun, Shuo and Tam, Yik-Cheung and Cao, Jie and Yan, Canxiang and Fu, Zuohui and Niu, Cheng and Zhou, Jie},
  journal={Workshop on DSTC7},
  year={2019}
}
@inproceedings{mazare2018training,
  title={Training Millions of Personalized Dialogue Agents},
  author={Mazare, Pierre-Emmanuel and Humeau, Samuel and Raison, Martin and Bordes, Antoine},
  booktitle={Proceedings of the 2018 Conference on Empirical Methods in Natural Language Processing},
  pages={2775--2779},
  year={2018}
}

@inproceedings{dinan2018wizard,
  title={Wizard of Wikipedia: Knowledge-Powered Conversational Agents},
  author={Dinan, Emily and Roller, Stephen and Shuster, Kurt and Fan, Angela and Auli, Michael and Weston, Jason},
  booktitle={International Conference on Learning Representations},
  year={2018}
}

@inproceedings{wu2017sequential,
  title={Sequential Matching Network: A New Architecture for Multi-turn Response Selection in Retrieval-Based Chatbots},
  author={Wu, Yu and Wu, Wei and Xing, Chen and Zhou, Ming and Li, Zhoujun},
  booktitle={Proceedings of the 55th Annual Meeting of the Association for Computational Linguistics (Volume 1: Long Papers)},
  pages={496--505},
  year={2017}
}

@inproceedings{vig2019comparison,
  title={Comparison of transfer-learning approaches for response selection in multi-turn conversations},
  author={Vig, Jesse and Ramea, Kalai},
  booktitle={Workshop on DSTC7},
  year={2019}
}

@article{urbanek2019learning,
  title={Learning to speak and act in a fantasy text adventure game},
  author={Urbanek, Jack and Fan, Angela and Karamcheti, Siddharth and Jain, Saachi and Humeau, Samuel and Dinan, Emily and Rockt{\"a}schel, Tim and Kiela, Douwe and Szlam, Arthur and Weston, Jason},
  journal={arXiv preprint arXiv:1903.03094},
  year={2019}
}


@article{gao2020machine,
  title={From Machine Reading Comprehension to Dialogue State Tracking: Bridging the Gap},
  author={Gao, Shuyang and Agarwal, Sanchit and Chung, Tagyoung and Jin, Di and Hakkani-Tur, Dilek},
  journal={arXiv preprint arXiv:2004.05827},
  year={2020}
}

@inproceedings{gao2019dialog,
  title={Dialog State Tracking: A Neural Reading Comprehension Approach},
  author={Gao, Shuyang and Sethi, Abhishek and Agarwal, Sanchit and Chung, Tagyoung and Hakkani-Tur, Dilek and AI, Amazon Alexa},
  booktitle={20th Annual Meeting of the Special Interest Group on Discourse and Dialogue},
  pages={264},
  year={2019}
}

@article{zhang2019find,
  title={Find or Classify? Dual Strategy for Slot-Value Predictions on Multi-Domain Dialog State Tracking},
  author={Zhang, Jian-Guo and Hashimoto, Kazuma and Wu, Chien-Sheng and Wan, Yao and Yu, Philip S and Socher, Richard and Xiong, Caiming},
  journal={arXiv},
  pages={arXiv--1910},
  year={2019}
}

@inproceedings{lee2019sumbt,
  title={SUMBT: Slot-Utterance Matching for Universal and Scalable Belief Tracking},
  author={Lee, Hwaran and Lee, Jinsik and Kim, Tae-Yoon},
  booktitle={Proceedings of the 57th Annual Meeting of the Association for Computational Linguistics},
  pages={5478--5483},
  year={2019}
}

@article{naik2018contextual,
  title={Contextual Slot Carryover for Disparate Schemas},
  author={Naik, Chetan and Gupta, Arpit and Ge, Hancheng and Lambert, Mathias and Sarikaya, Ruhi},
  journal={Proc. Interspeech 2018},
  pages={596--600},
  year={2018}
}

@article{kim2019efficient,
  title={Efficient dialogue state tracking by selectively overwriting memory},
  author={Kim, Sungdong and Yang, Sohee and Kim, Gyuwan and Lee, Sang-Woo},
  journal={arXiv preprint arXiv:1911.03906},
  year={2019}
}

@article{bobrow1977gus,
  title={GUS, a frame-driven dialog system},
  author={Bobrow, Daniel G and Kaplan, Ronald M and Kay, Martin and Norman, Donald A and Thompson, Henry and Winograd, Terry},
  journal={Artificial intelligence},
  volume={8},
  number={2},
  pages={155--173},
  year={1977},
  publisher={Elsevier}
}

@article{campagna2020zero,
  title={Zero-Shot Transfer Learning with Synthesized Data for Multi-Domain Dialogue State Tracking},
  author={Campagna, Giovanni and Foryciarz, Agata and Moradshahi, Mehrad and Lam, Monica S},
  journal={arXiv preprint arXiv:2005.00891},
  year={2020}
}

@inproceedings{sennrich-etal-2017-nematus,
    title = "{N}ematus: a Toolkit for Neural Machine Translation",
    author = {Sennrich, Rico  and
      Firat, Orhan  and
      Cho, Kyunghyun  and
      Birch, Alexandra  and
      Haddow, Barry  and
      Hitschler, Julian  and
      Junczys-Dowmunt, Marcin  and
      L{\"a}ubli, Samuel  and
      Miceli Barone, Antonio Valerio  and
      Mokry, Jozef  and
      N{\u{a}}dejde, Maria},
    booktitle = "Proceedings of the Software Demonstrations of the 15th Conference of the {E}uropean Chapter of the Association for Computational Linguistics",
    month = apr,
    year = "2017",
    address = "Valencia, Spain",
    publisher = "Association for Computational Linguistics",
    url = "https://www.aclweb.org/anthology/E17-3017",
    pages = "65--68",
    abstract = "We present Nematus, a toolkit for Neural Machine Translation. The toolkit prioritizes high translation accuracy, usability, and extensibility. Nematus has been used to build top-performing submissions to shared translation tasks at WMT and IWSLT, and has been used to train systems for production environments.",
}

@inproceedings{zang-etal-2020-multiwoz,
    title = "{M}ulti{WOZ} 2.2 : A Dialogue Dataset with Additional Annotation Corrections and State Tracking Baselines",
    author = "Zang, Xiaoxue  and
      Rastogi, Abhinav  and
      Sunkara, Srinivas  and
      Gupta, Raghav  and
      Zhang, Jianguo  and
      Chen, Jindong",
    booktitle = "Proceedings of the 2nd Workshop on Natural Language Processing for Conversational AI",
    month = jul,
    year = "2020",
    address = "Online",
    publisher = "Association for Computational Linguistics",
    url = "https://www.aclweb.org/anthology/2020.nlp4convai-1.13",
    doi = "10.18653/v1/2020.nlp4convai-1.13",
    pages = "109--117"
 }

 @article{ruan2020fine,
  title={Fine-tuning bert for schema-guided zero-shot dialogue state tracking},
  author={Ruan, Yu-Ping and Ling, Zhen-Hua and Gu, Jia-Chen and Liu, Quan},
  journal={AAAI Workshop on DSTC8},
  year={2020}
}

@inproceedings{bowman2015large,
  title={A large annotated corpus for learning natural language inference},
  author={Bowman, Samuel R and Angeli, Gabor and Potts, Christopher and Manning, Christopher D},
  booktitle={EMNLP},
  year={2015}
}

@article{rajpurkar2018know,
  title={Know what you don't know: Unanswerable questions for SQuAD},
  author={Rajpurkar, Pranav and Jia, Robin and Liang, Percy},
  journal={arXiv preprint arXiv:1806.03822},
  year={2018}
}