@InProceedings{hershcovich2017a,
  author    = {Hershcovich, Daniel  and  Abend, Omri  and  Rappoport, Ari},
  title     = {A Transition-Based Directed Acyclic Graph Parser for {UCCA}},
  booktitle = {Proc. of ACL},
  year      = {2017},
  pages     = {1127--1138},
  url       = {http://aclweb.org/anthology/P17-1104}
}

@InProceedings{hershcovich2018multitask,
  author    = {Hershcovich, Daniel  and  Abend, Omri  and  Rappoport, Ari},
  title     = {Multitask Parsing Across Semantic Representations},
  booktitle = {Proc. of ACL},
  year      = {2018},
  pages     = {373--385},
  url       = {http://aclweb.org/anthology/P18-1035}
}

@inproceedings{hershcovich-etal-2019-semeval,
    title = "{S}em{E}val-2019 Task 1: Cross-lingual Semantic Parsing with {UCCA}",
    author = "Hershcovich, Daniel  and
      Aizenbud, Zohar  and
      Choshen, Leshem  and
      Sulem, Elior  and
      Rappoport, Ari  and
      Abend, Omri",
    booktitle = "Proceedings of the 13th International Workshop on Semantic Evaluation",
    month = jun,
    year = "2019",
    address = "Minneapolis, Minnesota, USA",
    publisher = "Association for Computational Linguistics",
    url = "https://www.aclweb.org/anthology/S19-2001",
    doi = "10.18653/v1/S19-2001",
    pages = "1--10"
}

@inproceedings{jiang2019hlt,
  title={HLT@ SUDA at SemEval-2019 Task 1: UCCA Graph Parsing as Constituent Tree Parsing},
  author={Jiang, Wei and Li, Zhenghua and Zhang, Yu and Zhang, Min},
  booktitle={Proceedings of the 13th International Workshop on Semantic Evaluation},
  pages={11--15},
  year={2019}
}